<record><leader>00000cas a2200000 a 4500</leader><controlfield tag="001">2260927</controlfield><controlfield tag="008">760620d18321920nyudn ne      0    0eng c</controlfield><datafield ind1=" " ind2=" " tag="010"><subfield code="a">sn 83030384 </subfield></datafield><datafield ind1=" " ind2=" " tag="040"><subfield code="a">PIT</subfield><subfield code="b">eng</subfield><subfield code="c">PIT</subfield><subfield code="d">NPU</subfield><subfield code="d">NPW</subfield><subfield code="d">DLC</subfield><subfield code="d">NPX</subfield><subfield code="d">NPA</subfield><subfield code="d">NYG</subfield><subfield code="d">DLC</subfield><subfield code="d">NJW</subfield><subfield code="d">DLC</subfield><subfield code="d">NYS</subfield><subfield code="d">NPH</subfield><subfield code="d">DLC</subfield><subfield code="d">NYS</subfield><subfield code="d">YOX</subfield><subfield code="d">NVH</subfield><subfield code="d">NYS</subfield><subfield code="d">KNP</subfield><subfield code="d">MGN</subfield><subfield code="d">CRL</subfield><subfield code="d">MGN</subfield><subfield code="d">NYS</subfield><subfield code="d">MGN</subfield><subfield code="d">CNK</subfield><subfield code="d">CRL</subfield><subfield code="d">NYS</subfield><subfield code="d">NVF</subfield><subfield code="d">FUG</subfield><subfield code="d">NVK</subfield><subfield code="d">NVF</subfield><subfield code="d">DLC</subfield><subfield code="d">NYS</subfield><subfield code="d">NVF</subfield><subfield code="d">DLC</subfield><subfield code="d">OCLCG</subfield><subfield code="d">DLC</subfield><subfield code="d">OCLCQ</subfield><subfield code="d">AQM</subfield><subfield code="d">GBVCP</subfield><subfield code="d">CUI</subfield><subfield code="d">DLC</subfield><subfield code="d">OCLCQ</subfield><subfield code="d">OCLCF</subfield><subfield code="d">OCLCO</subfield></datafield><datafield ind1=" " ind2=" " tag="015"><subfield code="a">01058014X</subfield><subfield code="2">dnb</subfield></datafield><datafield ind1="7" ind2=" " tag="016"><subfield code="a">85868-7</subfield><subfield code="2">DE-600</subfield></datafield><datafield ind1=" " ind2=" " tag="019"><subfield code="a">208677619</subfield></datafield><datafield ind1="1" ind2=" " tag="029"><subfield code="a">AU@</subfield><subfield code="b">000041559839</subfield></datafield><datafield ind1=" " ind2=" " tag="042"><subfield code="a">pcc</subfield></datafield><datafield ind1=" " ind2=" " tag="043"><subfield code="a">n-us-ny</subfield></datafield><datafield ind1="0" ind2="0" tag="050"><subfield code="a">Newspaper</subfield></datafield><datafield ind1="0" ind2=" " tag="130"><subfield code="a">Evening post (New York, N.Y. : 1832)</subfield></datafield><datafield ind1="1" ind2="4" tag="245"><subfield code="a">The evening post.</subfield></datafield><datafield ind1=" " ind2=" " tag="260"><subfield code="a">New York [N.Y. :</subfield><subfield code="b">s.n.],</subfield><subfield code="c">1832-1920.</subfield></datafield><datafield ind1=" " ind2=" " tag="300"><subfield code="a">v. :</subfield><subfield code="b">ill. ;</subfield><subfield code="c">71 cm.</subfield></datafield><datafield ind1=" " ind2=" " tag="310"><subfield code="a">Daily (except Sunday)</subfield></datafield><datafield ind1="0" ind2=" " tag="362"><subfield code="a">No. 9413 (Oct. 17, 1832)-no. 12115 (Jan. 3, 1842) ; v. 40, no. 1 (Jan. 5, 1842)-v. 119, no. 307 (Nov. 15, 1920).</subfield></datafield><datafield ind1=" " ind2=" " tag="500"><subfield code="a">Publishers: William G. Boggs, &lt;1844&gt; ; William C. Bryant &amp; Co., &lt;1847-1879&gt; ; Evening Post Pub. Co., &lt;1883&gt;.</subfield></datafield><datafield ind1=" " ind2=" " tag="525"><subfield code="a">Issue for Nov. 16, 1901 has supplement called "1801 One hundredth anniversary supplement 1901."</subfield></datafield><datafield ind1=" " ind2=" " tag="530"><subfield code="a">Also issued on microfilm from the Library of Congress, Photoduplication Service.</subfield></datafield><datafield ind1=" " ind2=" " tag="580"><subfield code="a">Semiweekly eds.: New-York evening post (New York, N.Y. : Country ed.), 1832-1840, and: Evening post for the country, 1840-1850, and: Evening post (New York, N.Y. : Semiweekly), 1850-&lt;1913&gt;.</subfield></datafield><datafield ind1=" " ind2=" " tag="580"><subfield code="a">Weekly eds.: New-York weekly evening post, 1841-1850, and: Evening post (New York, N.Y. : Weekly), 1850-&lt;1888&gt;, and: New York weekly post, 1888-&lt;1901&gt;.</subfield></datafield><datafield ind1=" " ind2="0" tag="651"><subfield code="a">New York (N.Y.)</subfield><subfield code="v">Newspapers.</subfield></datafield><datafield ind1=" " ind2="0" tag="651"><subfield code="a">New York County (N.Y.)</subfield><subfield code="v">Newspapers.</subfield></datafield><datafield ind1=" " ind2="7" tag="655"><subfield code="a">Newspapers.</subfield><subfield code="2">rbgenr</subfield></datafield><datafield ind1=" " ind2="7" tag="655"><subfield code="a">Newspapers.</subfield><subfield code="2">fast</subfield><subfield code="0">(OCoLC)fst01423814</subfield></datafield><datafield ind1=" " ind2="7" tag="651"><subfield code="a">New York (State)</subfield><subfield code="z">New York.</subfield><subfield code="2">fast</subfield><subfield code="0">(OCoLC)fst01204333</subfield></datafield><datafield ind1=" " ind2="7" tag="651"><subfield code="a">New York (State)</subfield><subfield code="z">New York County.</subfield><subfield code="2">fast</subfield><subfield code="0">(OCoLC)fst01234953</subfield></datafield><datafield ind1="1" ind2=" " tag="700"><subfield code="a">Bryant, William Cullen,</subfield><subfield code="d">1794-1878.</subfield></datafield><datafield ind1=" " ind2=" " tag="752"><subfield code="a">United States</subfield><subfield code="b">New York</subfield><subfield code="c">New York</subfield><subfield code="d">New York.</subfield></datafield><datafield ind1="1" ind2=" " tag="775"><subfield code="t">New-York evening post (New York, N.Y. : Country ed.)</subfield><subfield code="w">(DLC)sn 83030388</subfield><subfield code="w">(OCoLC)9485646</subfield></datafield><datafield ind1="1" ind2=" " tag="775"><subfield code="t">Evening post for the country</subfield><subfield code="w">(DLC)sn 83030389</subfield><subfield code="w">(OCoLC)9482104</subfield></datafield><datafield ind1="1" ind2=" " tag="775"><subfield code="t">Evening post (New York, N.Y. : Semiweekly)</subfield><subfield code="w">(DLC)sn 83030390</subfield><subfield code="w">(OCoLC)9482668</subfield></datafield><datafield ind1="1" ind2=" " tag="775"><subfield code="t">New-York weekly evening post</subfield><subfield code="w">(DLC)sn 84024351</subfield><subfield code="w">(OCoLC)2265011</subfield></datafield><datafield ind1="1" ind2=" " tag="775"><subfield code="t">Evening post (New York, N.Y. : Weekly)</subfield><subfield code="w">(DLC)sn 83030387</subfield><subfield code="w">(OCoLC)9517370</subfield></datafield><datafield ind1="1" ind2=" " tag="775"><subfield code="t">New York weekly post</subfield><subfield code="w">(DLC)sn 83045334</subfield><subfield code="w">(OCoLC)9447664</subfield></datafield><datafield ind1="0" ind2="8" tag="776"><subfield code="i">Online version:</subfield><subfield code="t">Evening post (New York, N.Y. : 1832 : Online)</subfield><subfield code="w">(OCoLC)192107443</subfield></datafield><datafield ind1="0" ind2="0" tag="780"><subfield code="t">New-York evening post (New York, N.Y. : 1801)</subfield><subfield code="w">(DLC)sn 83030385</subfield><subfield code="w">(OCoLC)9485473</subfield></datafield><datafield ind1="0" ind2="0" tag="785"><subfield code="t">New York evening post (New York, N.Y. : 1920)</subfield><subfield code="w">(DLC)sn 83030386</subfield><subfield code="w">(OCoLC)9517291</subfield></datafield></record>